<record><leader>00000cas a22000007a 4500</leader><controlfield tag="001">9524772</controlfield><controlfield tag="008">830519d18531903ohuwr ne      0    0eng d</controlfield><datafield ind1=" " ind2=" " tag="010"><subfield code="a">sn 83035176 </subfield></datafield><datafield ind1=" " ind2=" " tag="040"><subfield code="a">NPY</subfield><subfield code="b">eng</subfield><subfield code="c">NPY</subfield><subfield code="d">NPX</subfield><subfield code="d">NPU</subfield><subfield code="d">ONP</subfield><subfield code="d">OCL</subfield><subfield code="d">OCLCF</subfield><subfield code="d">OCLCO</subfield></datafield><datafield ind1=" " ind2=" " tag="042"><subfield code="a">msc</subfield></datafield><datafield ind1="0" ind2=" " tag="130"><subfield code="a">Ashland times (Ashland, Ohio : 1853)</subfield></datafield><datafield ind1="0" ind2="0" tag="245"><subfield code="a">Ashland times.</subfield></datafield><datafield ind1=" " ind2=" " tag="260"><subfield code="a">Ashland, Ashland Co., Ohio :</subfield><subfield code="b">L.J. Sprengle &amp; Co.,</subfield><subfield code="c">1853-1903.</subfield></datafield><datafield ind1=" " ind2=" " tag="300"><subfield code="a">v.</subfield></datafield><datafield ind1=" " ind2=" " tag="310"><subfield code="a">Weekly</subfield></datafield><datafield ind1="0" ind2=" " tag="362"><subfield code="a">Vol. 1, no. 1 (July 14, 1853)-v. 50, no. 6 (Aug. 5, 1903).</subfield></datafield><datafield ind1=" " ind2=" " tag="500"><subfield code="a">Republican, 1853-1861, 1865-1903; Union, 1861-1865.</subfield></datafield><datafield ind1=" " ind2="0" tag="651"><subfield code="a">Ashland (Ohio)</subfield><subfield code="v">Newspapers.</subfield></datafield><datafield ind1=" " ind2="7" tag="655"><subfield code="a">Newspapers.</subfield><subfield code="2">fast</subfield><subfield code="0">(OCoLC)fst01423814</subfield></datafield><datafield ind1=" " ind2="7" tag="651"><subfield code="a">Ohio</subfield><subfield code="z">Ashland.</subfield><subfield code="2">fast</subfield><subfield code="0">(OCoLC)fst01222373</subfield></datafield><datafield ind1=" " ind2=" " tag="752"><subfield code="a">United States</subfield><subfield code="b">Ohio</subfield><subfield code="c">Ashland</subfield><subfield code="d">Ashland.</subfield></datafield><datafield ind1="0" ind2="7" tag="785"><subfield code="t">Ashland gazette</subfield><subfield code="w">(DLC)sn 88078519</subfield></datafield><datafield ind1="0" ind2="7" tag="785"><subfield code="t">Ashland times and the Ashland gazette</subfield><subfield code="w">(DLC)sn 88078518</subfield></datafield></record>